######################
##   LINEAR CODES   ##
######################

@article{berlekamp1973goppa,
  title={Goppa codes},
  author={Berlekamp, Elwyn},
  journal={IEEE Transactions on Information Theory},
  volume={19},
  number={5},
  pages={590--592},
  year={1973},
  publisher={IEEE}
}

@article{berlekamp1978inherent,
  title={On the inherent intractability of certain coding problems (corresp.)},
  author={Berlekamp, Elwyn and McEliece, Robert and Van Tilborg, Henk},
  journal={IEEE Transactions on Information Theory},
  volume={24},
  number={3},
  pages={384--386},
  year={1978},
  publisher={IEEE}
}

@article{bernstein2022understanding,
  title={Understanding binary-Goppa decoding},
  author={Bernstein, Daniel J},
  journal={Cryptology ePrint Archive},
  year={2022}
}

@inproceedings{carrier2024reduction,
  title={Reduction from sparse LPN to LPN, dual attack 3.0},
  author={Carrier, K{\'e}vin and Debris-Alazard, Thomas and Meyer-Hilfiger, Charles and Tillich, Jean-Pierre},
  booktitle={Annual International Conference on the Theory and Applications of Cryptographic Techniques},
  pages={286--315},
  year={2024},
  organization={Springer}
}


@article{scarabotti2018discrete,
  title={Discrete Harmonic Analysis. Representations, Number Theory, Expanders and the Fourier Transform},
  author={Scarabotti, Fabio and Ceccherini-Silbersteim, Tullio and Tolli, Filippo and others},
  journal={CAMBRIDGE STUDIES IN ADVANCED MATHEMATICS},
  year={2018},
  publisher={Cambridge University Press}
}

@article{goppa1970new,
  title={A new class of linear correcting codes},
  author={Goppa, Valerii Denisovich},
  journal={Problemy Peredachi Informatsii},
  volume={6},
  number={3},
  pages={24--30},
  year={1970},
  publisher={Russian Academy of Sciences, Branch of Informatics, Computer Equipment and~…}
}

@article{goppa1971rational,
  title={A rational representation of codes and ({L},g)-codes},
  author={Goppa, Valerii Denisovich},
  journal={Problemy Peredachi Informatsii},
  volume={7},
  number={3},
  pages={41--49},
  year={1971},
  publisher={Russian Academy of Sciences, Branch of Informatics, Computer Equipment and~…}
}

@article{mceliece1978public,
  title={A public-key cryptosystem based on algebraic coding theory},
  author={McEliece, Robert J},
  journal={Coding Thv},
  volume={4244},
  pages={114--116},
  year={1978}
}

@book{macwilliams1977theory,
  title={The theory of error-correcting codes},
  author={MacWilliams, Florence Jessie and Sloane, Neil James Alexander},
  volume={16},
  year={1977},
  publisher={Elsevier}
}


@article{niederreiter1986knapsack,
  title={Knapsack-type cryptosystems and algebraic coding theory},
  author={Niederreiter, Harald},
  journal={Prob. Contr. Inform. Theory},
  volume={15},
  number={2},
  pages={157--166},
  year={1986}
}

@article{patterson1975algebraic,
  title={The algebraic decoding of {G}oppa codes},
  author={Patterson, Nicholas},
  journal={IEEE Transactions on Information Theory},
  volume={21},
  number={2},
  pages={203--207},
  year={1975},
  publisher={IEEE}
}

##################
##   LATTICES   ##
##################

@article{banaszczyk1993new,
  title={New bounds in some transference theorems in the geometry of numbers},
  author={Banaszczyk, Wojciech},
  journal={Mathematische Annalen},
  volume={296},
  pages={625--635},
  year={1993},
  publisher={Springer-Verlag}
}

@inproceedings{ducas2023does,
  title={Does the dual-sieve attack on learning with errors even work?},
  author={Ducas, L{\'e}o and Pulles, Ludo N},
  booktitle={Annual International Cryptology Conference},
  pages={37--69},
  year={2023},
  organization={Springer}
}

@article{ducas2023accurate,
  title={Accurate score prediction for dual-sieve attacks},
  author={Ducas, L{\'e}o and Pulles, Ludo N},
  journal={Cryptology ePrint Archive},
  year={2023}
}

@inproceedings{ducas2018shortest,
  title={Shortest vector from lattice sieving: a few dimensions for free},
  author={Ducas, L{\'e}o},
  booktitle={Annual International Conference on the Theory and Applications of Cryptographic Techniques},
  pages={125--145},
  year={2018},
  organization={Springer}
}

@inproceedings{espitau2020dual,
  title={On a dual/hybrid approach to small secret LWE: a dual/enumeration technique for learning with errors and application to security estimates of FHE schemes},
  author={Espitau, Thomas and Joux, Antoine and Kharchenko, Natalia},
  booktitle={Progress in Cryptology--INDOCRYPT 2020: 21st International Conference on Cryptology in India, Bangalore, India, December 13--16, 2020, Proceedings 21},
  pages={440--462},
  year={2020},
  organization={Springer}
}

@article{goldstein2003equidistribution,
  title={On the equidistribution of Hecke points},
  author={Goldstein, Daniel and Mayer, Andrew},
  journal={Forum Mathematicum},
  year={2003},
  publisher={Walter de Gruyter GmbH \& Co. KG Berlin, Germany}
}


@inproceedings{macbeath1958siegel,
  title={Siegel's mean value theorem in the geometry of numbers},
  author={Macbeath, AM and Rogers, CA},
  booktitle={Mathematical Proceedings of the Cambridge Philosophical Society},
  volume={54},
  number={2},
  pages={139--151},
  year={1958},
  organization={Cambridge University Press}
}

@article{ordentlich2022new,
  title={New bounds on the density of lattice coverings},
  author={Ordentlich, Or and Regev, Oded and Weiss, Barak},
  journal={Journal of the American Mathematical Society},
  volume={35},
  number={1},
  pages={295--308},
  year={2022}
}

@article{pouly2023provable,
  title={Provable Dual Attacks on Learning with Errors},
  author={Pouly, Amaury and Shen, Yixin},
  journal={Cryptology ePrint Archive},
  year={2023}
}

@article{rogers1955mean,
  title={Mean values over the space of lattices},
  author={Rogers, Claude A},
  year={1955}
}

@article{schmidt1960metrical,
  title={A metrical theorem in geometry of numbers},
  author={Schmidt, Wolfgang},
  journal={Transactions of the American Mathematical Society},
  volume={95},
  number={3},
  pages={516--529},
  year={1960},
  publisher={JSTOR}
}


@article{siegel1945mean,
  title={A mean value theorem in geometry of numbers},
  author={Siegel, Carl Ludwig},
  journal={Annals of Mathematics},
  volume={46},
  number={2},
  pages={340--347},
  year={1945},
  publisher={JSTOR}
}

@article{sodergren2011poisson,
  title={On the Poisson distribution of lengths of lattice vectors in a random lattice},
  author={S{\"o}dergren, Anders},
  journal={Mathematische Zeitschrift},
  volume={269},
  number={3},
  pages={945--954},
  year={2011},
  publisher={Springer}
}

@phdthesis{stephens2017gaussian,
  title={On the Gaussian Measure Over Lattices.},
  author={Stephens-Davidowitz, Noah},
  year={2017},
  school={New York University, USA}
}

@book{vershynin2018high,
  title={High-dimensional probability: An introduction with applications in data science},
  author={Vershynin, Roman},
  volume={47},
  year={2018},
  publisher={Cambridge university press}
}

@article{wang2019lattice,
  title={Lattice Gaussian sampling by Markov chain Monte Carlo: Bounded distance decoding and trapdoor sampling},
  author={Wang, Zheng and Ling, Cong},
  journal={IEEE Transactions on Information Theory},
  volume={65},
  number={6},
  pages={3630--3645},
  year={2019},
  publisher={IEEE}
}

@article{wang2017geometric,
  title={On the geometric ergodicity of Metropolis-Hastings algorithms for lattice Gaussian sampling},
  author={Wang, Zheng and Ling, Cong},
  journal={IEEE Transactions on Information Theory},
  volume={64},
  number={2},
  pages={738--751},
  year={2017},
  publisher={IEEE}
}

################
##   RANDOM   ##
################

@book{vershynin2018high,
  title={High-dimensional probability: An introduction with applications in data science},
  author={Vershynin, Roman},
  volume={47},
  year={2018},
  publisher={Cambridge university press}
}

